@article{testcitation,
abstract = {Words and more word},
author = {John Doe},
doi = {},
file = {},
journal = {Journal of Amazing Things},
keywords = {},
mendeley-tags = {},
month = {aug},
number = {8},
pages = {1000-1005},
publisher = {Publisher of Cool Things},
title = {{Article of Cool Things}},
url = {},
volume = {7},
year = {1995}
}
