@book{A,
    title={The meaning of A},
    author={A. Alpha},
    year=2019,
    publisher={Apublisher}
}
