@book{B,
    title={The meaning of B},
    author={B. Beta},
    year=2019,
    publisher={Bpublisher}
}
