@book{key,
  author = {Author, A.},
  year = {2001},
  title = {Title},
  publisher = {Publisher},
}
